Title,Subject,Audience,"Send Date","Send Weekday","Total Recipients","Successful Deliveries","Soft Bounces","Hard Bounces","Total Bounces","Times Forwarded","Forwarded Opens","Unique Opens","Open Rate","Total Opens","Unique Clicks","Click Rate","Total Clicks",Unsubscribes,"Abuse Complaints","Times Liked on Facebook","Folder Id","Unique Id","Total Orders","Total Gross Sales","Total Revenue","Analytics ROI","Campaign Cost","Revenue Created",Visits,"New Visits",Pages/Visit,"Bounce Rate","Time on Site","Goal Conversion Rate","Per Visit Goal Value",Transactions,"Ecommerce Conversion Rate","Per Visit Value","Average Value"
"2021-06-29 News","Wine News","JLM Wines","Jun 29, 2021 05:16 pm",Tuesday,63,61,1,1,2,0,0,29,47.54%,47,10,16.39%,11,0,0,0,0,1c2c920f67,1,154.62,132.16,0.00%,$0.16,$0.00,10,8,11.9,0.00%,03:24,0.00%,$0.00,0,0.00%,$0.00,$0.00
"2021-08-22 Newsletter","New Year, New Features, New Wines ğŸ·","JLM Wines","Aug 22, 2021 04:44 pm",Sunday,69,67,1,1,2,0,0,34,50.75%,53,10,14.93%,11,1,0,0,0,69484f27fa,0,0,0,0.00%,$0.18,$0.00,9,8,16,0.00%,03:54,0.00%,$0.00,0,0.00%,$0.00,$0.00
BestSederWines,ğŸ·BestğŸ·SederğŸ·WinesğŸ·,"JLM Wines","Mar 30, 2022 05:34 pm",Wednesday,106,104,1,1,2,0,0,45,43.27%,83,12,11.54%,13,0,1,0,0,00227e84f1,0,0,0,0.00%,$0.28,$0.00,11,10,4.5454545454545,63.64%,00:56,0.00%,$0.00,0,0.00%,$0.00,$0.00
"Seasonal 2022-05-02","Celebrate Yom HaAtzmaut ğŸ‰","JLM Wines","May 02, 2022 11:59 am",Monday,112,110,1,1,2,0,0,57,51.82%,100,11,10.00%,20,0,0,0,0,278792540f,1,170.29,145.55,0.00%,$0.29,$0.00,10,7,13.6,20.00%,08:49,0.00%,$0.00,0,0.00%,$0.00,$0.00
"Explore 2020-05","Ready for Some Grenache?ğŸ‡","JLM Wines","May 10, 2022 04:28 pm",Tuesday,114,113,1,0,1,0,0,52,46.02%,83,5,4.42%,9,0,0,0,0,5d20a99550,0,0,0,0.00%,$0.30,$0.00,8,4,3.375,0.00%,00:28,0.00%,$0.00,0,0.00%,$0.00,$0.00
"Value 2020-07","Bargain Wine Pick of the Month","JLM Wines","Jul 10, 2022 08:44 pm",Sunday,122,119,1,2,3,0,0,76,63.87%,152,11,9.24%,16,1,0,0,0,512dcb5c78,0,0,0,0.00%,$0.32,$0.00,12,5,7.3333333333333,0.00%,03:05,0.00%,$0.00,0,0.00%,$0.00,$0.00
"wine news 2022-09","Holiday Wine Update","JLM Wines","Sep 12, 2022 09:01 pm",Monday,146,145,0,1,1,0,0,68,46.90%,127,15,10.34%,32,2,0,0,0,ccfa65d62b,12,1958.39,1644.14,0.00%,$0.38,$0.00,22,17,14,0.00%,07:02,0.00%,$0.00,0,0.00%,$0.00,$0.00
"wine news 2022-10","need wine for sukkot?","JLM Wines","Oct 02, 2022 12:59 pm",Sunday,151,151,0,0,0,0,0,69,45.70%,123,17,11.26%,33,1,0,0,0,0eb8f53347,2,367.96,314.5,0.00%,$0.39,$0.00,29,12,10.931034482759,3.45%,02:56,0.00%,$0.00,0,0.00%,$0.00,$0.00
"explore 2022-12","Shiraz, Syrah, or both? ğŸ·","JLM Wines","Dec 05, 2022 08:06 pm",Monday,162,162,0,0,0,0,0,82,50.62%,124,18,11.11%,19,1,0,0,0,531d73ef8b,0,0,0,0.00%,$0.42,$0.00,17,12,3.2352941176471,58.82%,01:58,0.00%,$0.00,0,0.00%,$0.00,$0.00
"Chanukah 2022-12","Wines for Chanukah Menus & Gifts ğŸ©","JLM Wines","Dec 13, 2022 03:58 pm",Tuesday,164,163,1,0,1,0,0,80,49.08%,130,19,11.66%,31,0,0,0,0,090f8a88e8,0,0,0,0.00%,$0.43,$0.00,25,11,2.56,52.00%,01:15,0.00%,$0.00,0,0.00%,$0.00,$0.00
"bundles 2023-01","Wonderful Winter Wines â„","JLM Wines","Jan 07, 2023 09:06 pm",Saturday,174,172,2,0,2,0,0,89,51.74%,141,28,16.28%,46,0,0,0,0,755eba2432,0,0,0,0.00%,$0.45,$0.00,27,20,2.1851851851852,40.74%,01:30,0.00%,$0.00,0,0.00%,$0.00,$0.00
"value 2023-01","Exceptional Value Wines","JLM Wines","Jan 26, 2023 03:44 pm",Thursday,179,177,2,0,2,0,0,91,51.41%,188,15,8.47%,21,0,0,0,0,6d055ac16e,1,116.22,99.34,0.00%,$0.47,$0.00,11,8,1.4545454545455,63.64%,00:22,0.00%,$0.00,0,0.00%,$0.00,$0.00
"bundles 2023-02","Lighter Wines, or Spicier Flavors?","JLM Wines","Feb 13, 2023 07:02 pm",Monday,181,179,2,0,2,0,0,87,48.60%,158,23,12.85%,45,0,0,0,0,83b10b9569,1,682.84,583.63,0.00%,$0.47,$0.00,34,16,2.4117647058824,52.94%,01:32,0.00%,$0.00,0,0.00%,$0.00,$0.00
"value 2023-02","Big Bargain Wines to Explore","JLM Wines","Feb 24, 2023 01:27 pm",Friday,183,181,1,1,2,0,0,99,54.70%,180,10,5.52%,18,0,0,0,0,e5fc1af037,0,0,0,0.00%,$0.48,$0.00,13,9,1.7692307692308,61.54%,01:03,0.00%,$0.00,0,0.00%,$0.00,$0.00
"seasonal 2023-03","Purim wines ğŸ‘“ in disguise!","JLM Wines","Mar 01, 2023 01:04 pm",Wednesday,184,183,1,0,1,0,0,93,50.82%,158,35,19.13%,46,1,0,0,0,f6fa41e293,1,357.22,305.32,0.00%,$0.48,$0.00,37,17,2.6486486486486,62.16%,01:38,0.00%,$0.00,0,0.00%,$0.00,$0.00
"seasonal 2023-03/4","Pesach Wines?Â ğŸ† Beseder!","JLM Wines","Mar 18, 2023 09:06 pm",Saturday,191,191,0,0,0,0,0,108,56.54%,194,35,18.32%,63,0,0,0,0,e15d054f09,2,403.06,344.5,0.00%,$0.50,$0.00,69,28,3.2898550724638,42.03%,02:22,0.00%,$0.00,0,0.00%,$0.00,$0.00
"value explore 2023-04","Special Value Wines & Exploring Minerality","JLM Wines","Apr 19, 2023 12:19 pm",Wednesday,204,204,0,0,0,0,0,109,53.43%,246,22,10.78%,43,1,0,0,0,4eb88ddf70,4,937.56,801.33,0.00%,$0.53,$0.00,66,13,3.0909090909091,46.97%,02:26,0.00%,$0.00,0,0.00%,$0.00,$0.00
"seasonal 2023-05","5 Shavuot ğŸ§€ Wines","JLM Wines","May 16, 2023 02:29 pm",Tuesday,207,207,0,0,0,0,0,115,55.56%,191,39,18.84%,63,0,0,0,0,7ee68cd966,1,112.31,88.97,0.00%,$0.54,$0.00,48,25,2.2916666666667,68.75%,00:59,0.00%,$0.00,0,0.00%,$0.00,$0.00
"value explore 2023-05","Bargain Barbera & Orange Wines","JLM Wines","May 21, 2023 06:57 pm",Sunday,209,209,0,0,0,0,0,112,53.59%,184,26,12.44%,52,1,0,0,0,c32b505239,3,393.89,336.66,0.00%,$0.54,$0.00,39,18,3.6410256410256,53.85%,01:56,0.00%,$0.00,0,0.00%,$0.00,$0.00
"seasonal 2023-06","Surprising Summer Reds ğŸ˜","JLM Wines","Jun 08, 2023 07:31 pm",Thursday,217,215,0,2,2,0,0,103,47.91%,185,31,14.42%,53,1,0,0,0,7d5d3a7e4c,1,164.99,140.5,0.00%,$0.56,$0.00,56,21,3.9464285714286,51.79%,02:37,0.00%,$0.00,0,0.00%,$0.00,$0.00
"value 2023-06","Best Bargain Wines","JLM Wines","Jun 17, 2023 09:54 pm",Saturday,216,215,1,0,1,0,0,112,52.09%,212,30,13.95%,55,4,0,0,0,2d7d0527e1,3,306.39,254.66,0.00%,$0.56,$0.00,40,21,3.35,50.00%,03:37,0.00%,$0.00,0,0.00%,$0.00,$0.00
"seasonal 2023-07","Is Jandali a summer wine?","JLM Wines","Jun 29, 2023 07:52 pm",Thursday,213,213,0,0,0,0,0,105,49.30%,179,23,10.80%,53,0,0,0,0,f8c120a01a,2,294.79,251.96,0.00%,$0.55,$0.00,48,16,2.1666666666667,64.58%,00:50,0.00%,$0.00,0,0.00%,$0.00,$0.00
"value 2023-07","Marvelous Marselan Value","JLM Wines","Jul 11, 2023 01:33 pm",Tuesday,217,217,0,0,0,0,0,114,52.53%,183,21,9.68%,34,0,0,0,0,7ff97bedf1,4,503.76,423.42,0.00%,$0.56,$0.00,20,16,4.95,60.00%,02:09,0.00%,$0.00,0,0.00%,$0.00,$0.00
"value 2023-08","Value Wines Update","JLM Wines","Aug 08, 2023 02:33 pm",Tuesday,225,225,0,0,0,0,0,131,58.22%,216,18,8.00%,32,2,0,0,0,878fe1d4aa,0,0,0,0.00%,$0.59,$0.00,16,10,4.6875,31.25%,02:15,0.00%,$0.00,0,0.00%,$0.00,$0.00
"seasonal 2023-08","Why is Pinot Noir Popular?","JLM Wines","Aug 24, 2023 06:18 pm",Thursday,231,230,1,0,1,0,0,126,54.78%,213,28,12.17%,54,1,0,0,0,46c8980651,2,645.45,551.66,0.00%,$0.60,$0.00,34,15,4.4117647058824,50.00%,02:52,0.00%,$0.00,0,0.00%,$0.00,$0.00
"seasonal 2023-09","New Rosh HaShana Wine Options","JLM Wines","Sep 05, 2023 03:57 pm",Tuesday,237,237,0,0,0,0,0,138,58.23%,273,37,15.61%,68,0,0,0,0,d4c5d231f5,7,2231.85,1907.58,0.00%,$0.62,$0.00,44,23,6.0909090909091,47.73%,04:40,0.00%,$0.00,0,0.00%,$0.00,$0.00
"value 2023-09 eh","Special Value Wines - ×™×™× ×•×ª ×‘×¢×œ×™ ×¢×¨×š ××™×•×—×“","JLM Wines","Sep 20, 2023 12:25 pm",Wednesday,241,240,1,0,1,0,0,126,52.50%,411,18,7.50%,38,2,0,0,0,689d450e14,5,972.09,817.47,n/a,n/a,n/a,n/a,n/a,n/a,n/a,n/a,n/a,n/a,n/a,n/a,n/a,n/a
"value 2023-11 eh","Special Value Wines - ×™×™× ×•×ª ×‘×¢×œ×™ ×¢×¨×š ××™×•×—×“","JLM Wines","Nov 01, 2023 04:31 pm",Wednesday,246,246,0,0,0,0,0,127,51.63%,236,25,10.16%,32,0,0,0,0,3025a46296,5,676.3,571.51,n/a,n/a,n/a,n/a,n/a,n/a,n/a,n/a,n/a,n/a,n/a,n/a,n/a,n/a
"seasonal 2023-11 eh","Fall Wine Debut ğŸ‚ ×™×™× ×•×ª ×”×¡×ª×™×•","JLM Wines","Nov 14, 2023 05:05 pm",Tuesday,249,249,0,0,0,0,0,130,52.21%,244,31,12.45%,54,0,0,0,0,ddc0aa5c89,7,714.98,590.59,n/a,n/a,n/a,n/a,n/a,n/a,n/a,n/a,n/a,n/a,n/a,n/a,n/a,n/a
"seasonal 2023-12 eh","Chanukah Wines & Gifts ğŸ© ×™×™× ×•×ª ×•××ª× ×•×ª ×œ×—× ×•×›×”","JLM Wines","Nov 28, 2023 08:41 pm",Tuesday,261,260,1,0,1,0,0,141,54.23%,280,24,9.23%,36,2,0,0,0,fb36943bb3,1,409.65,350.13,n/a,n/a,n/a,n/a,n/a,n/a,n/a,n/a,n/a,n/a,n/a,n/a,n/a,n/a
"value 2023-12 eh","Special Value Wines - ×™×™× ×•×ª ×‘×¢×œ×™ ×¢×¨×š ××™×•×—×“","JLM Wines","Dec 04, 2023 10:10 pm",Monday,264,264,0,0,0,0,0,145,54.92%,260,33,12.50%,49,0,0,0,0,7610b7aaaa,6,818.05,697.66,n/a,n/a,n/a,n/a,n/a,n/a,n/a,n/a,n/a,n/a,n/a,n/a,n/a,n/a
"seasonal 2024-01","Winter Red Wines ğŸŒ¨ï¸ ×™×™× ×•×ª ××“×•××™× ×œ×—×•×¨×£","JLM Wines","Jan 02, 2024 12:19 pm",Tuesday,283,282,1,0,1,0,0,156,55.32%,315,44,15.60%,60,1,0,0,0,7f0f48ffbd,4,732.27,625.87,n/a,n/a,n/a,n/a,n/a,n/a,n/a,n/a,n/a,n/a,n/a,n/a,n/a,n/a
"value 2024-01","Special Value Wines - ×™×™× ×•×ª ×‘×¢×œ×™ ×¢×¨×š ××™×•×—×“","JLM Wines","Jan 17, 2024 11:56 am",Wednesday,287,286,1,0,1,0,0,159,55.59%,259,32,11.19%,45,2,0,0,0,882921a457,2,236.07,201.77,n/a,n/a,n/a,n/a,n/a,n/a,n/a,n/a,n/a,n/a,n/a,n/a,n/a,n/a
"explore 2024-01","Wines of the Golan â›°ï¸ ×™×™× ×•×ª ×¨××ª ×”×’×•×œ×Ÿ","JLM Wines","Jan 24, 2024 02:44 pm",Wednesday,285,284,1,0,1,0,0,167,58.80%,276,50,17.61%,79,1,0,0,0,81434b0dcc,4,396.11,338.56,n/a,n/a,n/a,n/a,n/a,n/a,n/a,n/a,n/a,n/a,n/a,n/a,n/a,n/a
"seasonal 2024-02","More Winter Reds â˜‚ï¸ ×¢×•×“ ××“×•××™× ×œ×—×•×¨×£","JLM Wines","Feb 06, 2024 02:19 pm",Tuesday,288,287,1,0,1,0,0,162,56.45%,260,51,17.77%,61,2,1,0,0,2386d6a267,2,298.9,255.48,n/a,n/a,n/a,n/a,n/a,n/a,n/a,n/a,n/a,n/a,n/a,n/a,n/a,n/a
"value 2024-02","Special Value Wines - ×™×™× ×•×ª ×‘×¢×œ×™ ×¢×¨×š ××™×•×—×“","JLM Wines","Feb 14, 2024 03:27 pm",Wednesday,288,287,0,1,1,0,0,169,58.89%,273,43,14.98%,63,2,0,0,0,930709b7d1,2,314.85,269.1,n/a,n/a,n/a,n/a,n/a,n/a,n/a,n/a,n/a,n/a,n/a,n/a,n/a,n/a
"explore 2024-02","Negev WInes ğŸï¸ ×™×™× ×•×ª ×”× ×’×‘","JLM Wines","Feb 20, 2024 12:51 pm",Tuesday,286,286,0,0,0,0,0,156,54.55%,249,44,15.38%,68,0,0,0,0,c52ef71efd,3,489.19,418.11,n/a,n/a,n/a,n/a,n/a,n/a,n/a,n/a,n/a,n/a,n/a,n/a,n/a,n/a
"seasonal 2024-03","New Seasonal Wines  ğŸŒ¤ï¸  ×™×™× ×•×ª ×—×“×©×™× ×œ×¢×•× ×”","JLM Wines","Feb 27, 2024 01:54 pm",Tuesday,291,291,0,0,0,0,0,165,56.70%,258,40,13.75%,63,1,0,0,0,0aaeb04fa3,1,398.83,340.88,n/a,n/a,n/a,n/a,n/a,n/a,n/a,n/a,n/a,n/a,n/a,n/a,n/a,n/a
"value 2024-03","Special Value Wines - ×™×™× ×•×ª ×‘×¢×œ×™ ×¢×¨×š ××™×•×—×“","JLM Wines","Mar 05, 2024 12:26 pm",Tuesday,297,296,0,1,1,0,0,158,53.38%,256,45,15.20%,68,0,0,0,0,2270d5e0cc,5,770.23,651.4,n/a,n/a,n/a,n/a,n/a,n/a,n/a,n/a,n/a,n/a,n/a,n/a,n/a,n/a
"explore 2024-03","Shomr Wines  ğŸª  ×™×™× ×•×ª ×”×©×•××¨×•×Ÿ","JLM Wines","Mar 12, 2024 12:45 pm",Tuesday,309,309,0,0,0,0,0,179,57.93%,284,44,14.24%,51,2,0,0,0,f7d150a0c8,3,1162.05,993.2,n/a,n/a,n/a,n/a,n/a,n/a,n/a,n/a,n/a,n/a,n/a,n/a,n/a,n/a
"combined 2024-04","Pesach Wines - ×™×™× ×•×ª ×¤×¡×—","JLM Wines","Apr 09, 2024 11:45 am",Tuesday,354,353,1,0,1,0,0,224,63.46%,369,83,23.51%,137,0,0,0,0,c1844f6c65,9,1460.85,1248.59,n/a,n/a,n/a,n/a,n/a,n/a,n/a,n/a,n/a,n/a,n/a,n/a,n/a,n/a
"value 2024-05","Special Value Wines - ×™×™× ×•×ª ×‘×¢×œ×™ ×¢×¨×š ××™×•×—×“","JLM Wines","May 21, 2024 12:15 pm",Tuesday,391,388,1,2,3,0,0,218,56.19%,324,63,16.24%,97,0,0,0,0,4089e51652,6,809.99,692.3,n/a,n/a,n/a,n/a,n/a,n/a,n/a,n/a,n/a,n/a,n/a,n/a,n/a,n/a
"seasonal 2024-06","Shavuot Wines ğŸŒ» ×™×™× ×•×ª ×—×’ ×©×‘×•×¢×•×ª","JLM Wines","Jun 02, 2024 11:15 am",Sunday,392,392,0,0,0,0,0,210,53.57%,342,54,13.78%,90,4,0,0,0,6d03cc9b1f,4,500.96,428.17,n/a,n/a,n/a,n/a,n/a,n/a,n/a,n/a,n/a,n/a,n/a,n/a,n/a,n/a
"value 2024-06","Special Value Wines - ×™×™× ×•×ª ×‘×¢×œ×™ ×¢×¨×š ××™×•×—×“","JLM Wines","Jun 18, 2024 03:45 pm",Tuesday,397,397,0,0,0,0,0,222,55.92%,359,71,17.88%,103,0,0,0,0,26d24e8f3a,8,920.01,779.55,n/a,n/a,n/a,n/a,n/a,n/a,n/a,n/a,n/a,n/a,n/a,n/a,n/a,n/a
"explore 2024-06","Dry Riesling ? ×¨×™×–×œ×™× ×’ ×™×‘×©","JLM Wines","Jun 25, 2024 04:15 pm",Tuesday,400,399,0,1,1,0,0,217,54.39%,338,46,11.53%,51,2,0,0,0,53b744b153,1,134.54,114.99,n/a,n/a,n/a,n/a,n/a,n/a,n/a,n/a,n/a,n/a,n/a,n/a,n/a,n/a
"explore 2024-07","About Acidity ğŸ‹ ×¢×œ ×—×•××¦×™×•×ª","JLM Wines","Jul 09, 2024 07:28 pm",Tuesday,397,396,1,0,1,0,0,231,58.33%,380,46,11.62%,71,1,0,0,0,c9b3d455fe,1,337.12,288.14,n/a,n/a,n/a,n/a,n/a,n/a,n/a,n/a,n/a,n/a,n/a,n/a,n/a,n/a
"value 2024-07","Special Value Wines - ×™×™× ×•×ª ×‘×¢×œ×™ ×¢×¨×š ××™×•×—×“","JLM Wines","Jul 16, 2024 04:14 pm",Tuesday,397,396,1,0,1,0,0,217,54.80%,331,64,16.16%,100,1,0,0,0,d832f1db8f,8,1462.27,1242.73,n/a,n/a,n/a,n/a,n/a,n/a,n/a,n/a,n/a,n/a,n/a,n/a,n/a,n/a
"explore 2024-08 he","×™×™× ×•×ª ×–×•×›×™ ×¤×¨×¡×™×ğŸ…","JLM Wines","Aug 19, 2024 04:30 pm",Monday,157,156,1,0,1,0,0,119,76.28%,203,38,24.36%,61,0,0,0,0,d332678e65,0,0,0,n/a,n/a,n/a,n/a,n/a,n/a,n/a,n/a,n/a,n/a,n/a,n/a,n/a,n/a
"explore 2024-08 en","Award-Winning WinesğŸ…","JLM Wines","Aug 19, 2024 04:45 pm",Monday,303,303,0,0,0,0,0,156,51.49%,266,56,18.48%,96,0,0,0,0,14b5323011,4,753.69,644.18,n/a,n/a,n/a,n/a,n/a,n/a,n/a,n/a,n/a,n/a,n/a,n/a,n/a,n/a
"seasonal 2024-09 EN","Rosh Hashana Wines ğŸ","JLM Wines","Sep 17, 2024 04:30 pm",Tuesday,265,265,0,0,0,0,0,166,62.64%,323,60,22.64%,96,0,0,0,0,105e1ce431,13,2204.01,1876.96,n/a,n/a,n/a,n/a,n/a,n/a,n/a,n/a,n/a,n/a,n/a,n/a,n/a,n/a
"seasonal 2024-09 HE","ğŸ ×™×™× ×•×ª ×¨××© ×”×©× ×”","JLM Wines","Sep 17, 2024 05:30 pm",Tuesday,133,132,1,0,1,0,0,88,66.67%,139,37,28.03%,47,0,0,0,0,eb147d6410,1,37.11,24.87,n/a,n/a,n/a,n/a,n/a,n/a,n/a,n/a,n/a,n/a,n/a,n/a,n/a,n/a
"value 2024-09 EN","Special Value Wines","JLM Wines","Sep 24, 2024 04:15 pm",Tuesday,270,270,0,0,0,0,0,153,56.67%,259,42,15.56%,70,0,0,0,0,94bbd7fc24,8,1229.64,1050.97,n/a,n/a,n/a,n/a,n/a,n/a,n/a,n/a,n/a,n/a,n/a,n/a,n/a,n/a
"value 2024-09 HE","×™×™× ×•×ª ×‘×¢×œ×™ ×¢×¨×š ××™×•×—×“","JLM Wines","Sep 24, 2024 05:15 pm",Tuesday,137,136,1,0,1,0,0,89,65.44%,134,26,19.12%,34,0,0,0,0,9061af76e3,0,0,0,n/a,n/a,n/a,n/a,n/a,n/a,n/a,n/a,n/a,n/a,n/a,n/a,n/a,n/a
"order now 2024-10 HE","×”×–×“×× ×•×ª ××—×¨×•× ×” ×œ×”×–××™×Ÿ","JLM Wines","Oct 08, 2024 11:15 am",Tuesday,141,140,1,0,1,0,0,75,53.57%,115,30,21.43%,50,0,0,0,0,6e5f096ede,2,217.19,185.64,n/a,n/a,n/a,n/a,n/a,n/a,n/a,n/a,n/a,n/a,n/a,n/a,n/a,n/a
"order now 2024-10 EN","Last day to order!","JLM Wines","Oct 08, 2024 11:45 am",Tuesday,273,271,1,1,2,0,0,145,53.51%,247,42,15.50%,102,1,0,0,0,e06d460abd,0,0,0,n/a,n/a,n/a,n/a,n/a,n/a,n/a,n/a,n/a,n/a,n/a,n/a,n/a,n/a
"value 2024-11 HE","××“×•××™× ×˜×•×‘×™× ×‘×¤×—×•×ª ×-60 â‚ª","JLM Wines","Nov 12, 2024 06:15 pm",Tuesday,146,145,0,1,1,0,0,95,65.52%,176,48,33.10%,69,0,0,0,0,6d35daaa3d,1,50.95,36.53,n/a,n/a,n/a,n/a,n/a,n/a,n/a,n/a,n/a,n/a,n/a,n/a,n/a,n/a
"value 2024-11 EN","10 winning reds under â‚ª60","JLM Wines","Nov 12, 2024 06:45 pm",Tuesday,280,280,0,0,0,0,0,151,53.93%,288,60,21.43%,105,0,0,0,0,4d11d13acd,9,1766.51,1509.85,n/a,n/a,n/a,n/a,n/a,n/a,n/a,n/a,n/a,n/a,n/a,n/a,n/a,n/a
"seasonal 2024-11 HE","××“×•××™× ××¢× ×™×™× ×™× ×œ×¢×•× ×”","JLM Wines","Nov 26, 2024 06:15 pm",Tuesday,150,150,0,0,0,0,0,87,58.00%,136,34,22.67%,45,0,0,0,0,7cbdb46d5f,1,137.04,117.13,n/a,n/a,n/a,n/a,n/a,n/a,n/a,n/a,n/a,n/a,n/a,n/a,n/a,n/a
"seasonal 2024-11 EN","interesting reds for the season","JLM Wines","Nov 26, 2024 06:45 pm",Tuesday,285,284,1,0,1,0,0,146,51.41%,250,50,17.61%,75,1,0,0,0,697316b5c2,2,653.37,558.45,n/a,n/a,n/a,n/a,n/a,n/a,n/a,n/a,n/a,n/a,n/a,n/a,n/a,n/a
"value 2024-12 EN","NEW Special Value Wines","JLM Wines","Dec 03, 2024 04:15 pm",Tuesday,287,286,1,0,1,0,0,155,54.20%,272,57,19.93%,94,1,0,0,0,31d1e86697,5,566.4,484.11,n/a,n/a,n/a,n/a,n/a,n/a,n/a,n/a,n/a,n/a,n/a,n/a,n/a,n/a
"value 2024-12 HE","×™×™× ×•×ª ×—×“×©×™× ×¢× ×ª××•×¨×” ××™×•×—×“×ª ×œ××—×™×¨","JLM Wines","Dec 03, 2024 04:15 pm",Tuesday,157,155,0,2,2,0,0,100,64.52%,153,28,18.06%,38,2,0,0,0,5ec5ef5291,1,110.07,94.08,n/a,n/a,n/a,n/a,n/a,n/a,n/a,n/a,n/a,n/a,n/a,n/a,n/a,n/a
"seasonal 2024-12 HE","×™×™× ×•×ª ×—× ×•×›×”","JLM Wines","Dec 17, 2024 04:15 pm",Tuesday,159,158,1,0,1,0,0,95,60.13%,140,34,21.52%,55,0,0,0,0,81cba594a3,2,163.66,132.75,n/a,n/a,n/a,n/a,n/a,n/a,n/a,n/a,n/a,n/a,n/a,n/a,n/a,n/a
"seasonal 2024-12 EN","Hanukkah wines","JLM Wines","Dec 17, 2024 04:45 pm",Tuesday,291,288,3,0,3,0,0,187,64.93%,325,55,19.10%,99,1,0,0,0,20f85c5391,6,848.49,723.18,n/a,n/a,n/a,n/a,n/a,n/a,n/a,n/a,n/a,n/a,n/a,n/a,n/a,n/a
"explore 2025-01 he","×’×œ×• ××™×ª× ×• ××•×¨×›×‘×•×ª ×‘×™×™×Ÿ","JLM Wines","Jan 07, 2025 05:15 pm",Tuesday,172,169,3,0,3,0,0,97,57.40%,152,26,15.38%,40,2,0,0,0,d979932461,0,0,0,n/a,n/a,n/a,n/a,n/a,n/a,n/a,n/a,n/a,n/a,n/a,n/a,n/a,n/a
"explore 2025-01 en","wine complexity explained","JLM Wines","Jan 07, 2025 05:45 pm",Tuesday,319,312,5,2,7,0,0,183,58.65%,338,55,17.63%,111,1,0,0,0,35594ec8ab,2,300.53,254.69,n/a,n/a,n/a,n/a,n/a,n/a,n/a,n/a,n/a,n/a,n/a,n/a,n/a,n/a
"value 2025-01 HE","×™×™× ×•×ª ×—×“×©×™× ×¢× ×ª××•×¨×” ××™×•×—×“×ª ×œ××—×™×¨","JLM Wines","Jan 21, 2025 06:15 pm",Tuesday,177,173,4,0,4,0,0,105,60.69%,165,52,30.06%,81,4,0,0,0,341f1747ac,1,250.64,212.41,n/a,n/a,n/a,n/a,n/a,n/a,n/a,n/a,n/a,n/a,n/a,n/a,n/a,n/a
"value 2025-01 EN","NEW Special Value Wines","JLM Wines","Jan 21, 2025 06:45 pm",Tuesday,319,316,3,0,3,0,0,175,55.38%,284,58,18.35%,94,2,0,0,0,d62a74f17b,8,1156.94,980.45,n/a,n/a,n/a,n/a,n/a,n/a,n/a,n/a,n/a,n/a,n/a,n/a,n/a,n/a
"explore 2025-02 HE","×’×œ×• ××ª ×”××•×©×’ ×¢×•×¦××ª ×˜×¢××™×","JLM Wines","Feb 04, 2025 07:45 pm",Tuesday,177,176,1,0,1,0,0,88,50.00%,139,30,17.05%,54,0,0,0,0,e675631121,0,0,0,n/a,n/a,n/a,n/a,n/a,n/a,n/a,n/a,n/a,n/a,n/a,n/a,n/a,n/a
"explore 2025-02 en","explore red wine intensity","JLM Wines","Feb 04, 2025 08:45 pm",Tuesday,319,316,3,0,3,0,0,158,50.00%,282,56,17.72%,86,2,0,0,0,e403daf803,3,468.15,389.61,n/a,n/a,n/a,n/a,n/a,n/a,n/a,n/a,n/a,n/a,n/a,n/a,n/a,n/a
"value 2025-02 HE","×™×™× ×•×ª ×—×“×©×™× ×¢× ×ª××•×¨×” ××™×•×—×“×ª ×œ××—×™×¨","JLM Wines","Feb 18, 2025 07:45 pm",Tuesday,183,182,1,0,1,0,0,99,54.40%,163,50,27.47%,73,4,0,0,0,25bb945183,1,112.42,95.27,n/a,n/a,n/a,n/a,n/a,n/a,n/a,n/a,n/a,n/a,n/a,n/a,n/a,n/a
"value 2025-02 EN","NEW Special Value Wines","JLM Wines","Feb 18, 2025 08:45 pm",Tuesday,320,316,3,1,4,0,0,171,54.11%,310,74,23.42%,106,0,0,0,0,b94cec424e,11,1760.64,1477.94,n/a,n/a,n/a,n/a,n/a,n/a,n/a,n/a,n/a,n/a,n/a,n/a,n/a,n/a
"purim 2025-03-HE","×™×™× ×•×ª ×¤×•×¨×™× ××•×©×œ××™×","JLM Wines","Mar 04, 2025 07:45 pm",Tuesday,191,186,4,1,5,0,0,115,61.83%,187,40,21.51%,65,3,1,0,0,dbef9f8e19,0,0,0,n/a,n/a,n/a,n/a,n/a,n/a,n/a,n/a,n/a,n/a,n/a,n/a,n/a,n/a
"purim 2025-03-EN","Perfect Purim Wines","JLM Wines","Mar 04, 2025 08:45 pm",Tuesday,323,320,2,1,3,0,0,173,54.06%,304,63,19.69%,98,0,0,0,0,d1b4a7e1f2,3,441.62,374.26,n/a,n/a,n/a,n/a,n/a,n/a,n/a,n/a,n/a,n/a,n/a,n/a,n/a,n/a
"pesach 2025-03-HE","×”× ×—×” ×¢×œ ×™×™× ×•×ª ×œ×—×’ ×¤×¡×—","JLM Wines","Mar 25, 2025 07:45 pm",Tuesday,198,195,2,1,3,0,0,113,57.95%,182,28,14.36%,42,0,0,0,0,708deef31a,1,37.29,31.6,n/a,n/a,n/a,n/a,n/a,n/a,n/a,n/a,n/a,n/a,n/a,n/a,n/a,n/a
"pesach 2025-03-EN","Save on Pesach Wines","JLM Wines","Mar 25, 2025 08:45 pm",Tuesday,328,327,0,1,1,0,0,172,52.60%,278,54,16.51%,85,0,0,0,0,495b192a39,9,2118.13,1795.03,n/a,n/a,n/a,n/a,n/a,n/a,n/a,n/a,n/a,n/a,n/a,n/a,n/a,n/a
"pesach 2025-03-EN 2","5% Off Ends at Midnight","JLM Wines","Mar 31, 2025 12:45 pm",Monday,327,327,0,0,0,0,0,147,44.95%,226,21,6.42%,38,0,0,0,0,3377c25dd2,3,567.63,481.04,n/a,n/a,n/a,n/a,n/a,n/a,n/a,n/a,n/a,n/a,n/a,n/a,n/a,n/a
"pesach 2025-03-HE 2","5% ×”× ×—×” ×¢×“ ×—×¦×•×ª ×”×œ×™×œ×”","JLM Wines","Mar 31, 2025 01:45 pm",Monday,199,197,2,0,2,0,0,82,41.62%,121,13,6.60%,19,0,0,0,0,09d943722c,0,0,0,n/a,n/a,n/a,n/a,n/a,n/a,n/a,n/a,n/a,n/a,n/a,n/a,n/a,n/a
"value 2025-04 EN","NEW Special Value Wines","JLM Wines","Apr 22, 2025 08:40 pm",Tuesday,334,331,3,0,3,0,0,175,52.87%,295,66,19.94%,100,2,0,0,0,8740302c01,5,1217.35,1022.29,n/a,n/a,n/a,n/a,n/a,n/a,n/a,n/a,n/a,n/a,n/a,n/a,n/a,n/a
"value 2025-04 HE","×™×™× ×•×ª ×—×“×©×™× ×¢× ×ª××•×¨×” ××™×•×—×“×ª ×œ××—×™×¨","JLM Wines","Apr 22, 2025 09:15 pm",Tuesday,215,213,2,0,2,0,0,116,54.46%,178,46,21.60%,68,0,0,0,0,c27f7d0ec4,2,215.93,175.97,n/a,n/a,n/a,n/a,n/a,n/a,n/a,n/a,n/a,n/a,n/a,n/a,n/a,n/a
"value 2025-05 EN","More special value wines!","JLM Wines","May 06, 2025 08:30 pm",Tuesday,333,331,1,1,2,0,0,164,49.55%,273,56,16.92%,109,2,0,0,0,2b7bb8d50c,3,756.28,640.91,n/a,n/a,n/a,n/a,n/a,n/a,n/a,n/a,n/a,n/a,n/a,n/a,n/a,n/a
"value 2025-05 HE","×¢×•×“ ×™×™× ×•×ª ×¢× ××ª×•×¨×” × ×”×“×¨×ª ×œ××—×™×¨!","JLM Wines","May 06, 2025 09:15 pm",Tuesday,216,213,1,2,3,0,0,108,50.70%,175,37,17.37%,77,1,0,0,0,d9254e53dd,0,0,0,n/a,n/a,n/a,n/a,n/a,n/a,n/a,n/a,n/a,n/a,n/a,n/a,n/a,n/a
"article 2025-05 EN","What makes a wine ""good""?","JLM Wines","May 13, 2025 08:45 pm",Tuesday,331,328,3,0,3,0,0,164,50.00%,263,44,13.41%,66,0,0,0,0,843484fcf3,2,572.05,484.79,n/a,n/a,n/a,n/a,n/a,n/a,n/a,n/a,n/a,n/a,n/a,n/a,n/a,n/a
"article 2025-05 HE","××” ×”×•×¤×š ×™×™×Ÿ ×œ""×˜×•×‘""?","JLM Wines","May 13, 2025 09:15 pm",Tuesday,213,212,0,1,1,0,0,122,57.55%,188,32,15.09%,51,2,0,0,0,c6489fcbff,0,0,0,n/a,n/a,n/a,n/a,n/a,n/a,n/a,n/a,n/a,n/a,n/a,n/a,n/a,n/a
"seasonal 2025-05 EN","Shavuot Season Wines","JLM Wines","May 20, 2025 08:45 pm",Tuesday,331,329,2,0,2,0,0,159,48.33%,280,41,12.46%,61,0,0,0,0,2632bc8339,3,489.35,414.7,n/a,n/a,n/a,n/a,n/a,n/a,n/a,n/a,n/a,n/a,n/a,n/a,n/a,n/a
"seasonal 2025-05 HE","×™×™× ×•×ª ×¢×•× ×ª×™×™×  - ×©×‘×•×¢×•×ª","JLM Wines","May 20, 2025 09:15 pm",Tuesday,212,212,0,0,0,0,0,111,52.36%,174,23,10.85%,35,1,0,0,0,8d688b4fbf,0,0,0,n/a,n/a,n/a,n/a,n/a,n/a,n/a,n/a,n/a,n/a,n/a,n/a,n/a,n/a
"value 2025-08 HE","×”×™×™× ×• ×©×§×˜×™×... ××‘×œ ×¢×¡×•×§×™×","JLM Wines","Aug 19, 2025 10:30 am",Tuesday,232,231,1,0,1,0,0,112,48.48%,202,28,12.12%,70,1,0,0,0,9bb7000c0d,1,243.7,206.52,n/a,n/a,n/a,n/a,n/a,n/a,n/a,n/a,n/a,n/a,n/a,n/a,n/a,n/a
"value 2025-08 EN","Weâ€™ve been quietâ€¦ but weâ€™ve been busy","JLM Wines","Aug 19, 2025 11:00 am",Tuesday,340,336,3,1,4,0,0,164,48.81%,313,52,15.48%,106,0,0,0,0,9c0917b07c,5,906.23,757.96,n/a,n/a,n/a,n/a,n/a,n/a,n/a,n/a,n/a,n/a,n/a,n/a,n/a,n/a
"explore 2025-09 EN","Is higher-priced wine really better wine?","JLM Wines","Sep 02, 2025 08:45 pm",Tuesday,343,340,3,0,3,0,0,167,49.12%,372,60,17.65%,103,2,0,0,0,1e31410344,4,636.5,532.93,n/a,n/a,n/a,n/a,n/a,n/a,n/a,n/a,n/a,n/a,n/a,n/a,n/a,n/a
"explore 2025-09 HE","×”×× ×™×™×Ÿ ×™×•×ª×¨ ×™×§×¨ ×‘×××ª ×™×™×Ÿ ×™×•×ª×¨ ×˜×•×‘?","JLM Wines","Sep 02, 2025 09:15 pm",Tuesday,231,230,1,0,1,0,0,139,60.43%,264,49,21.30%,85,1,0,0,0,ab4c6b7d65,2,434.3,366.41,n/a,n/a,n/a,n/a,n/a,n/a,n/a,n/a,n/a,n/a,n/a,n/a,n/a,n/a
"Rosh Hashana Gift EN","Rosh Hashana Gift Delivery","JLM Wines","Sep 09, 2025 04:15 pm",Tuesday,83,83,0,0,0,0,0,42,50.60%,88,7,8.43%,24,0,0,0,0,9cd3313ee7,0,0,0,n/a,n/a,n/a,n/a,n/a,n/a,n/a,n/a,n/a,n/a,n/a,n/a,n/a,n/a
"oops 2025-09 EN","oops - sorry!","JLM Wines","Sep 09, 2025 08:45 pm",Tuesday,263,260,3,0,3,0,0,148,56.92%,272,26,10.00%,42,2,0,0,0,82e3ac733c,2,480.13,406.89,n/a,n/a,n/a,n/a,n/a,n/a,n/a,n/a,n/a,n/a,n/a,n/a,n/a,n/a
"oops 2025-09 HE","×¡×œ×™×—×”, ×˜×¢×•×ª ×©×œ× ×•","JLM Wines","Sep 09, 2025 09:15 pm",Tuesday,230,228,2,0,2,0,0,164,71.93%,338,39,17.11%,59,0,0,0,0,ae453b8c55,3,536.51,442.89,n/a,n/a,n/a,n/a,n/a,n/a,n/a,n/a,n/a,n/a,n/a,n/a,n/a,n/a
"seasonal 2025-10 EN","Interesting reds for the season","JLM Wines","Oct 21, 2025 08:45 pm",Tuesday,343,341,1,1,2,0,0,175,51.32%,360,60,17.60%,117,2,0,0,0,f55103248a,11,2347.02,1987.33,n/a,n/a,n/a,n/a,n/a,n/a,n/a,n/a,n/a,n/a,n/a,n/a,n/a,n/a
"seasonal 2025-10 HE","××“×•××™× ××¢× ×™×™× ×™× ×œ×¢×•× ×”","JLM Wines","Oct 21, 2025 09:15 pm",Tuesday,236,235,1,0,1,0,0,135,57.45%,259,52,22.13%,95,0,0,0,0,fc7a1e215e,2,266.24,225.63,n/a,n/a,n/a,n/a,n/a,n/a,n/a,n/a,n/a,n/a,n/a,n/a,n/a,n/a
"value 2025-11 EN","Your coupon code 40NV","JLM Wines","Nov 18, 2025 08:45 pm",Tuesday,343,342,0,1,1,0,0,185,54.09%,367,36,10.53%,70,3,0,0,0,7447a5d983,8,1659.3,1406.2,n/a,n/a,n/a,n/a,n/a,n/a,n/a,n/a,n/a,n/a,n/a,n/a,n/a,n/a
"value 2025-11 HE","×§×•×“ ×”×§×•×¤×•×Ÿ ×©×œ×š","JLM Wines","Nov 18, 2025 09:15 pm",Tuesday,240,236,3,1,4,0,0,159,67.37%,327,35,14.83%,76,2,0,0,0,4361ac1025,6,885.25,750.2,n/a,n/a,n/a,n/a,n/a,n/a,n/a,n/a,n/a,n/a,n/a,n/a,n/a,n/a
